@article{volda1993introduction,
  title={An introduction to geometric algebra with an application in rigid body mechanics},
  author={Volda, Terje G},
  journal={Am. J. Phys},
  volume={61},
  pages={6},
  year={1993}
}
@Manual{hhahahaha,
title = {Mechanical Equivalent of Heat Tube},
OPTkey = {asdasd},
author = {Pasco},
OPTorganization = {fggffgfg},
OPTaddress = {jkjkjkjk},
OPTedition = {•},
OPTmonth = {•},
OPTyear = {},
OPTnote = {•},
OPTannote = {•}
}

@online{•,
author = {•},
title = {•},
year = {•},
url = {•},
OPTsubtitle = {•},
OPTtitleaddon = {•},
OPTlanguage = {•},
OPTversion = {•},
OPTnote = {•},
OPTorganization = {•},
OPTdate = {•},
OPTmonth = {•},
OPTaddendum = {•},
OPTpubstate = {•},
OPTurldate = {•},
}


